<?xml version="1.0" encoding="UTF-8"?><collection xmlns="http://www.loc.gov/MARC21/slim"><record><leader>00386nam--2200121-i-4500</leader><controlfield tag="001">000006489</controlfield><controlfield tag="002">20161230</controlfield><controlfield tag="005">20161230201026</controlfield><controlfield tag="008">060222s1000------------r-----000-0-eng-d</controlfield><datafield ind1=" " ind2=" " tag="100"><subfield code="a">Cassignol Etienne</subfield></datafield><datafield ind1=" " ind2=" " tag="245"><subfield code="a">Contribution a l`etude d`alimentations stabili sees a transistors a performances elevees. the se</subfield></datafield><datafield ind1=" " ind2=" " tag="260"><subfield code="a">Toulouse, Faculte Des Sci.De L`Univers., 1960. 99 P</subfield></datafield><datafield ind1=" " ind2=" " tag="852"><subfield code="a">17798</subfield></datafield></record></collection>